<record><leader>00000cas a22000007a 4500</leader><controlfield tag="001">20607715</controlfield><controlfield tag="008">891107d19uu19uumnuqr ne      0    0eng d</controlfield><datafield ind1=" " ind2=" " tag="010"><subfield code="a">sn 89064409 </subfield></datafield><datafield ind1=" " ind2=" " tag="040"><subfield code="a">MN#</subfield><subfield code="b">eng</subfield><subfield code="c">MN#</subfield><subfield code="d">OCLCQ</subfield></datafield><datafield ind1=" " ind2=" " tag="042"><subfield code="a">msc</subfield></datafield><datafield ind1=" " ind2=" " tag="043"><subfield code="a">n-us-mn</subfield></datafield><datafield ind1=" " ind2=" " tag="052"><subfield code="a">4144</subfield><subfield code="b">N43</subfield></datafield><datafield ind1=" " ind2=" " tag="052"><subfield code="a">4143</subfield><subfield code="b">O6</subfield></datafield><datafield ind1="0" ind2=" " tag="130"><subfield code="a">New Yorker (New York Mills, Minn.)</subfield></datafield><datafield ind1="1" ind2="4" tag="245"><subfield code="a">The New Yorker.</subfield></datafield><datafield ind1=" " ind2=" " tag="260"><subfield code="a">New York Mills, Minn. :</subfield><subfield code="b">New York Mills High School</subfield></datafield><datafield ind1=" " ind2=" " tag="300"><subfield code="a">v.</subfield></datafield><datafield ind1=" " ind2=" " tag="310"><subfield code="a">Four times during each term</subfield></datafield><datafield ind1=" " ind2=" " tag="530"><subfield code="a">Available on microfilm from the Minnesota Historical Society.</subfield></datafield><datafield ind1=" " ind2=" " tag="588"><subfield code="a">Description based on: Vol. 6, no. 4 (Nov. 14, 1928).</subfield></datafield><datafield ind1=" " ind2=" " tag="752"><subfield code="a">United States</subfield><subfield code="b">Minnesota</subfield><subfield code="c">Otter Tail</subfield><subfield code="d">New York Mills.</subfield></datafield></record>